@INPROCEEDINGS{disney, 
author={Schmid, S. and Corbellini, G. and Mangold, S. and Gross, T.R.}, 
booktitle={Globecom Workshops (GC Wkshps), 2012 IEEE}, 
title={An LED-to-LED Visible Light Communication system with software-based synchronization}, 
year={2012}, 
month={Dec}, 
pages={1264-1268}, 
keywords={light emitting diodes;microcontrollers;optical communication;optical receivers;optical transmitters;synchronisation;LED-to-LED visible light communication system;VLC system;light emission;light measurement;microcontroller-based system;receiver;receiving LED;software-based synchronization;transmitted signal;transmitting LED;Current measurement;Light emitting diodes;Microcontrollers;Receivers;Synchronization;Voltage measurement}, 
doi={10.1109/GLOCOMW.2012.6477763},}

@article{zhao2013design,
  title={Design of visible light communication receiver for on-off keying modulation by adaptive minimum-voltage cancelation},
  author={Zhao, Yan and Vongkulbhisal, Jayakorn},
  journal={Engineering Journal},
  volume={17},
  number={4},
  pages={125--130},
  year={2013}
}
@ARTICLE{ofdm,
author={Elgala, H. and Mesleh, R. and Haas, H.}, 
journal={Consumer Electronics, IEEE Transactions on}, 
title={Indoor broadcasting via white LEDs and OFDM}, 
year={2009}, 
month={August}, 
volume={55}, 
number={3}, 
pages={1127-1134}, 
keywords={OFDM modulation;digital signal processing chips;indoor radio;light emitting diodes;photodiodes;DSP development board;OFDM;bit-error performance;channel coding;electrical signal-to-noise ratio;indoor broadcasting;indoor wireless data transmission;optical path loss;optical wireless technology;orthogonal frequency division multiplexing modulation technique;photodiode;physical layer implementation;solid-state lighting;visible light communication technology;white LED;white light emitting diode;Broadcasting;Communication industry;Communications technology;Data communication;Hardware;Light emitting diodes;OFDM modulation;Physical layer;Prototypes;Solid state lighting;Visible light communication;light emitting diodes;orthogonal frequency division multiplexing;photodiodes}, 
doi={10.1109/TCE.2009.5277966}, 
ISSN={0098-3063},}

@ARTICLE{modulationStandard, 
author={Rajagopal, S. and Roberts, R.D. and Sang-Kyu Lim}, 
journal={Communications Magazine, IEEE}, 
title={IEEE 802.15.7 visible light communication: modulation schemes and dimming support}, 
year={2012}, 
month={March}, 
volume={50}, 
number={3}, 
pages={72-82}, 
keywords={light emitting diodes;optical communication;optical modulation;IEEE 802.15.7 visible light communication;LED technology;dimming support;flicker-free high-data-rate visible light communication;modulation schemes;short-range optical wireless communication;visible light spectrum;wavelength 380 nm to 780 nm;Brightness;Image color analysis;Light sources;Optical modulation;Optical transmitters}, 
doi={10.1109/MCOM.2012.6163585}, 
ISSN={0163-6804},}

@article{ieee157,
  title={IEEE 802.15. 7 visible light communication: modulation schemes and dimming support},
  author={Rajagopal, Sridhar and Roberts, Richard D and Lim, Sang-Kyu},
  journal={Communications Magazine, IEEE},
  volume={50},
  number={3},
  pages={72--82},
  year={2012},
  publisher={IEEE}
}

@article{modulationieee,
  title={IEEE 802.15. 7 visible light communication: modulation schemes and dimming support},
  author={Rajagopal, Sridhar and Roberts, Richard D and Lim, Sang-Kyu},
  journal={Communications Magazine, IEEE},
  volume={50},
  number={3},
  pages={72--82},
  year={2012},
  publisher={IEEE}
}

@patent{minute03201ieee,
  author        = "Various, Rick Roberts",
  title         = "802.15.7 Revision: Short-Range Optical Wireless Communications Tutorial",
  nationality   = "Various",
  number        = "0112-007a",
  day           = "15",
  month         = "March",
  year          = "2015"
}

@INPROCEEDINGS{bluereceiver, 
author={Xiaohan Liu and Makino, H. and Maeda, Y.}, 
booktitle={Engineering in Medicine and Biology Society, 2008. EMBS 2008. 30th Annual International Conference of the IEEE}, 
title={Basic study on indoor location estimation using Visible Light Communication platform}, 
year={2008}, 
month={Aug}, 
pages={2377-2380}, 
keywords={Bluetooth;Fluorescence;Goniometers;Navigation;Performance evaluation;Radiofrequency identification;Sensor systems;Shape;Signal detection;Stress;Fluorescent light;Indoor guidance;Visible light Communication (VLC);location estimation;Algorithms;Communication Aids for Disabled;Computer Communication Networks;Equipment Design;Humans;Lighting;Orientation;Sensitivity and Specificity;Telemetry;Visually Impaired Persons}, 
doi={10.1109/IEMBS.2008.4649677}, 
ISSN={1557-170X},}

@ARTICLE{ook-450, 
author={Honglei Li and Xiongbin Chen and Junqing Guo and Zongyu Gao and Hongda Chen}, 
journal={Wireless Communications, IEEE}, 
title={An analog modulator for 460 MB/S visible light data transmission based on OOK-NRS modulation}, 
year={2015}, 
month={April}, 
volume={22}, 
number={2}, 
pages={68-73}, 
keywords={MOSFET circuits;amplitude shift keying;driver circuits;error statistics;light emitting diodes;optical filters;AC-coupled N-channel MOSFET circuit;BER;MOSFET drive;OOK-NRS modulation;OOK-NRZ data transmission;analog modulator;bandwidth 3 MHz to 175 MHz;bit rate 460 Mbit/s;blue filtering;phosphorescent white LED;pre-emphasis circuits;small signal modulation;visible light data transmission;Bandwidth;Bit error rate;Fluorescence;Light emitting diodes;Lighting;Logic gates;MOSFET;Modulation;Optical devices}, 
doi={10.1109/MWC.2015.7096287}, 
ISSN={1536-1284},}

@ARTICLE{ppm, 
author={Xiaoxue Ma and Kyujin Lee and Kyesan Lee}, 
journal={Electronics Letters}, 
title={Appropriate modulation scheme for visible light communication systems considering illumination}, 
year={2012}, 
month={August}, 
volume={48}, 
number={18}, 
pages={1137-1139}, 
keywords={amplitude shift keying;data communication;error statistics;light emitting diodes;optical communication;optical links;pulse position modulation;trellis coded modulation;BER;I-PPM;LED technology;OOK;OPPM;TCM;VLC systems;data transmission;illumination;inverted PPM;light emitting diode;optical systems;overlapping PPM;pulse position modulation;trellis-coded modulation;visible light communication systems}, 
doi={10.1049/el.2012.2195}, 
ISSN={0013-5194},}

@INPROCEEDINGS{diming, 
author={Jin-Yuan Wang and Jun-Bo Wang and Ming Chen and Xiaoyu Song}, 
booktitle={Wireless Communications Signal Processing (WCSP), 2013 International Conference on}, 
title={Dimming scheme analysis for pulse amplitude modulated visible light communications}, 
year={2013}, 
month={Oct}, 
pages={1-6}, 
keywords={iterative methods;optical communication;pulse amplitude modulation;IEEE 802.15.7;PAM constellation points;VLC;dimming control;dimming scheme analysis;iteration algorithm;optimal intensity shift percentage;pulse amplitude modulated visible light communications}, 
doi={10.1109/WCSP.2013.6677037},}

@INPROCEEDINGS{ofdm-plc, 
author={Alavi, S.E. and Rezaie, H. and Supa'at, A.S.M.}, 
booktitle={Applied Electromagnetics (APACE), 2010 IEEE Asia-Pacific Conference on}, 
title={Application of OFDM on integrated system of visible free space optic with PLC}, 
year={2010}, 
month={Nov}, 
pages={1-5}, 
keywords={OFDM modulation;carrier transmission on power lines;impulse noise;intersymbol interference;light emitting diodes;optical links;OFDM;PLC;binary phase shift keying;impulsive noise;indoor optical wireless;indoor power line;intersymbol interference;multipath distortion;multipath propagation;orthogonal frequency division multiplexing;power line channel;ubiquitous power line cables;visible free space optic;visible light communication;white LED;Broadband communication;Frequency shift keying;Light emitting diodes;Lighting;Noise;OFDM;Impulsive noise;Integrated System;OFDM;Powerline Communication (PLC);Visible Light Communication (VLC);White LED}, 
doi={10.1109/APACE.2010.5720114},}

@ARTICLE{ofdm-cap, 
author={Wu, F.M. and Lin, C.T. and Wei, C.C. and Chen, C.W. and Chen, Z.Y. and Huang, H.T. and Sien Chi}, 
journal={Photonics Journal, IEEE}, 
title={Performance Comparison of OFDM Signal and CAP Signal Over High Capacity RGB-LED-Based WDM Visible Light Communication}, 
year={2013}, 
month={Aug}, 
volume={5}, 
number={4}, 
pages={7901507-7901507},
keywords={OFDM modulation;amplitude modulation;intensity modulation;light emitting diodes;optical communication equipment;optical modulation;phase modulation;wavelength division multiplexing;BER;CAP signal;OFDM signal;bit rate 1.08 Gbit/s;bit rate 1.32 Gbit/s;bit rate 2.93 Gbit/s;bit rate 3.22 Gbit/s;bit-loading technique;blue chip;direct-detection VLC system;high capacity RGB-LED-based WDM visible light communication;high spectrally efficient carrierless amplitude and phase modulation;intensity-modulation VLC system;limited bandwidth;maximum aggregate data rates;next generation optical wireless networks;optimized RGB chips;orthogonal frequency-division multiplexing;power-loading technique;single commercially available RGB-type LED;spectrally efficient formats;spectrally efficient modulation;Bandwidth;Bit error rate;Light emitting diodes;Lighting;Modulation;OFDM;Wavelength division multiplexing;Visible light communication;carrier-less amplitude and phase modulation;wavelength-division-multiplexing}, 
doi={10.1109/JPHOT.2013.2271637}, 
ISSN={1943-0655},}

@INPROCEEDINGS{matlab, 
author={De Lausnay, S. and De Strycker, L. and Goemaere, J.-P. and Stevens, N. and Nauwelaers, B.}, 
booktitle={Development and Application Systems (DAS), 2014 International Conference on}, 
title={Matlab based platform for the evaluation of modulation techniques used in VLC}, 
year={2014}, 
month={May}, 
pages={57-61}, 
keywords={Gaussian distribution;error statistics;frequency shift keying;mathematics computing;optical communication;optical modulation;pulse position modulation;telecommunication computing;BER;DTMF;Gaussian distributions;Manchester encoding;Matlab based platform;NLOS signals;NRZ;PPM;PSK;Q-functions;VLC;baseband modulation technique evaluation;binary frequency shift keying;bit error rate;dual tone multi-frequency;experimental evaluation platform;nonline of side signals;nonreturn to zero;phase shift keying;pulse position modulation;return to zero;sampling rate;statistical distribution;visible light communication;Bit error rate;Encoding;Light emitting diodes;Lighting;Modulation;Noise;Receivers;Baseband Modulation;Bit Error Rate;Evaluation Platform;Gaussian Noise distribution;Visible Light Communication}, 
doi={10.1109/DAAS.2014.6842427},}

@INPROCEEDINGS{camera, 
author={Nam-Tuan Le and Trang Nguyen and Yeong Min Jang}, 
booktitle={Ubiquitous and Future Networks (ICUFN), 2014 Sixth International Conf on}, 
title={Frequency shift on-off keying for optical camera communication}, 
year={2014}, 
month={July}, 
pages={22-25}, 
keywords={amplitude shift keying;cameras;frequency shift keying;light emitting diodes;optical communication;protocols;smart phones;synchronisation;LED displays;build-in cameras smart phone;camera-based optical wireless communication systems;flickering control scheme;frequency shift on-off keying;lighting source;optical camera communication;real-time communication system;shutter speed analysis;shutter timing release;subcarrier frequency;synchronization protocols;visible light communication;Cameras;Frequency shift keying;Light emitting diodes;Optical imaging;Optical transmitters;Synchronization;Camera comunication;OCC;Optical camera communication;VLC}, 
doi={10.1109/ICUFN.2014.6876741},}

@INPROCEEDINGS{led2led, 
author={Schmid, S. and Corbellini, G. and Mangold, S. and Gross, T.R.}, 
booktitle={Globecom Workshops (GC Wkshps), 2012 IEEE}, 
title={An LED-to-LED Visible Light Communication system with software-based synchronization}, 
year={2012}, 
month={Dec}, 
pages={1264-1268}, 
keywords={light emitting diodes;microcontrollers;optical communication;optical receivers;optical transmitters;synchronisation;LED-to-LED visible light communication system;VLC system;light emission;light measurement;microcontroller-based system;receiver;receiving LED;software-based synchronization;transmitted signal;transmitting LED;Current measurement;Light emitting diodes;Microcontrollers;Receivers;Synchronization;Voltage measurement}, 
doi={10.1109/GLOCOMW.2012.6477763},}